<collection xmlns="http://www.loc.gov/MARC21/slim"><record><leader>00816nam  2200265   450</leader><controlfield tag="001">201</controlfield><controlfield tag="003">http://montalegre.opacnet.com/OPAC/default.aspx?ContentAreaControl=ShowRegHoldings.ascx&amp;RegNo=16662</controlfield><datafield tag="021" ind1=" " ind2=" "><subfield code="a">PT</subfield><subfield code="b">26678/89</subfield></datafield><datafield tag="095" ind1=" " ind2=" "><subfield code="a">PTBN00125779</subfield></datafield><datafield tag="100" ind1=" " ind2=" "><subfield code="a">20061013d1989    m  y0pora010305  ba</subfield></datafield><datafield tag="101" ind1="1" ind2=" "><subfield code="a">por</subfield><subfield code="c">eng</subfield></datafield><datafield tag="102" ind1=" " ind2=" "><subfield code="a">PT</subfield></datafield><datafield tag="105" ind1=" " ind2=" "><subfield code="a">y   z   000ay</subfield></datafield><datafield tag="106" ind1=" " ind2=" "><subfield code="a">r</subfield></datafield><datafield tag="200" ind1="1" ind2=" "><subfield code="a">Na Patagónia</subfield><subfield code="f">Bruce Chatwin</subfield><subfield code="g">trad. José Luís Luna</subfield></datafield><datafield tag="210" ind1=" " ind2=" "><subfield code="a">Lisboa</subfield><subfield code="c">Quetzal</subfield><subfield code="d">1989</subfield></datafield><datafield tag="215" ind1=" " ind2=" "><subfield code="a">286 p.</subfield><subfield code="c">[1] mapa</subfield><subfield code="d">23 cm</subfield></datafield><datafield tag="225" ind1="2" ind2=" "><subfield code="a">Serpente emplumada</subfield></datafield><datafield tag="304" ind1=" " ind2=" "><subfield code="a">Tít. orig.: In Patagonia</subfield></datafield><datafield tag="320" ind1=" " ind2=" "><subfield code="a">Referências bibliográficas</subfield></datafield><datafield tag="675" ind1=" " ind2=" "><subfield code="a">821</subfield><subfield code="v">BN</subfield><subfield code="z">por</subfield></datafield><datafield tag="700" ind1=" " ind2="1"><subfield code="a">Chatwin</subfield><subfield code="b">Bruce</subfield><subfield code="f">1940-1989</subfield></datafield><datafield tag="702" ind1=" " ind2="1"><subfield code="a">Luna</subfield><subfield code="b">José Luís</subfield><subfield code="4">730</subfield></datafield><datafield tag="801" ind1=" " ind2="0"><subfield code="a">PT</subfield><subfield code="b">Biblioteca Municipal de Montalegre</subfield><subfield code="g">RPC</subfield></datafield><datafield tag="856" ind1=" " ind2=" "><subfield code="u">locateMedia.asp?cod=20060510104029&amp;ext=jpg</subfield><subfield code="z">CAPA</subfield></datafield><datafield tag="909" ind1="&#9;" ind2=" "><subfield code="a">1</subfield></datafield><datafield tag="966" ind1=" " ind2=" "><subfield code="a">0008328</subfield><subfield code="l">BMM</subfield><subfield code="s">SCG 821 CHA pat</subfield></datafield></record></collection>